1600 2693
142 68 233 135 34
599 45 1081 111 AEsoPI‘

138 159 571 240 praeternavigantes
604 176 760 212 autem
784 158 993 231 quidam,
1030 163 1072 208 8:
1096 161 1201 211 hoc
1192 162 1535 222 conjestanter„

139 229 284 303 ipsam
299 227 578 300 sagittarunt.
594 233 697 276 Haec
722 241 877 276 autem
900 223 1090 289 seipsam
1106 228 1432 291 lugebat,quod
1456 243 1539 275 un

138 297 200 344 de
218 295 450 349 timuerat,
465 291 584 341 nihil
602 292 718 368 passa
737 293 882 343 foret:
899 291 1023 354 quod
1045 307 1138 341 non
1154 293 1342 358 putabat
1361 294 1537 343 malum

139 362 396 420 allaturum,
423 359 480 408 ab
497 374 557 406 eo
572 356 824 424 proditam.

679 475 975 528 Affabulatio

204 596 367 647 Fabula
384 595 721 671 fignificat,saepe
743 613 833 660 quae
855 596 965 647 noblis
996 595 1129 648 noxia
1158 593 1379 654 videntur,
1406 593 1555 644 utilia

130 663 266 726 fieri:
306 679 390 730 quae
409 678 480 711 ver
487 660 506 709 ὸ
529 664 681 722 utilia,
699 664 848 712 noxia,

600 904 681 961 64.
718 909 858 952 Cerva
878 910 937 957 ξφ·
959 907 1054 948 Leo.

145 1018 386 1145 CErva
397 1031 643 1067 venatores
661 1017 852 1090 fugienS,
879 1015 927 1066 in
946 1017 1207 1079 speluncam
1234 1012 1430 1079 ingressa
1449 1016 1534 1067 est.

300 1096 351 1131 in
383 1085 567 1155 leonem
600 1098 755 1133 autem
777 1081 844 1132 ibi
895 1081 1107 1131 incidens
1141 1082 1197 1130 ab
1221 1095 1278 1128 ea
1315 1095 1537 1145 compre·
1598 1097 1600 1128 ι

137 1149 273 1200 hensa
301 1148 398 1199 est:
433 1146 637 1199 moriens
658 1164 812 1199 autem
837 1148 1040 1201 dicebat
1058 1144 1143 1194 Hei
1159 1143 1292 1203 mihi,
1312 1146 1438 1207 quod
1457 1147 1560 1198 ho-

137 1212 299 1267 mines
306 1212 522 1280 fugiens'
509 1229 557 1264 m
577 1216 782 1267 ferarum
814 1212 1180 1265 immitissimum
1194 1208 1355 1263 incidi.

675 1359 982 1417 Affabulatio

202 1483 369 1534 Fabula
378 1482 614 1548 significat,
632 1485 782 1533 multos
801 1481 1001 1543 homines,
1035 1481 1130 1532 dum
1142 1493 1280 1547 parva
1285 1481 1460 1549 fugcunt
1471 1493 1562 1547 pe·

136 1551 298 1610 ricula,
316 1551 363 1600 in
383 1565 533 1610 magna
549 1549 795 1606 incurrere

605 1757 688 1812 65.
721 1765 855 1805 cerva
869 1756 927 1806 ἕν’
945 1754 1078 1808 Vitis.

141 1873 385 2013 CErva
407 1884 653 1922 venatores
674 1870 864 1937 fugienS,
893 1874 970 1922 sub
990 1872 1083 1921 vite
1102 1869 1302 1923 delituit.
1376 1871 1541 1932 Qum

301 1936 619 2010 praeteriissent
635 1952 789 1987 autem
808 1953 1060 2009 parumper
1079 1936 1169 1998 {1113
1192 1942 1346 1986 Cerva
1363 1937 1544 2006 prorsus

137 2004 234 2064 jam
254 2005 399 2054 latere
415 2002 648 2064 arbitrata,
669 2002 776 2053 vitis
792 2001 901 2051 folia
918 2001 1129 2068 depasci
1118 2000 1310 2069 mcepit.
1354 1997 1448 2053 Illis
1466 2015 1545 2048 ve-

138 2069 193 2118 ro
214 2067 392 2143 agitatis
423 2074 465 2118 8<
483 2082 722 2120 venatores
750 2070 979 2128 converfi,
1021 2074 1062 2117 8:
1095 2070 1220 2131 quod
1240 2081 1340 2118 erat
1362 2078 1549 2124 verum,

138 2133 350 2183 arbitrati
368 2133 537 2183 animal
557 2134 743 2196 aliquod
764 2134 841 2184 sub
859 2133 980 2184 foliis
996 2132 1237 2193 occultari,
1253 2130 1421 2206 sagittis
1435 2144 1545 2179 con-

138 2201 345 2250 fecerunt
365 2205 580 2249 Cervam.
644 2207 745 2250 Haec
780 2214 932 2249 autem
960 2198 1164 2249 moriens
1183 2199 1289 2250 talia
1320 2198 1544 2247 dicebat:

139 2264 255 2378 isusta
274 2265 393 2330 passa
410 2265 522 2328 sum,
545 2279 637 2315 non
653 2263 781 2317 enim
806 2266 1053 2317 offendere
1081 2266 1335 2332 oportebat
1353 2279 1448 2326 quae
1466 2276 1545 2312 me

156 2344 358 2381 ervaret.

1413 2392 1544 2444 Affa-
