1600 2693
186 55 265 124 18
522 40 1231 127 VrrA-AE‘sopr?

171 171 436 227 miscuisse?
492 170 656 224 Cocus
698 171 724 222 εὶ
766 168 814 223 se
865 170 1049 241 culpam
1094 172 1321 241 repellens
1344 196 1359 226 .·
1431 171 1577 228 Licet

168 247 344 316 inquit,
387 243 498 297 here
538 239 745 294 irascaris
784 242 917 306 mihi,
959 244 992 294 fi
1025 241 1252 312 placentae
1272 242 1377 299 sunt
1417 245 1580 299 crudae

172 332 255 370 aut
270 316 460 381 adustae,
492 326 711 366 caeterum
733 313 1092 365 ficondimenta
1127 313 1311 380 absunt,
1356 333 1452 387 ego
1476 314 1576 369 sum

170 401 303 441 extra
324 387 531 453 culpam,
553 397 698 453 teque
720 402 798 452 par
818 385 881 436 est
911 385 1042 436 uxori
1057 395 1149 435 tuae
1166 382 1453 448 succensere,
1470 405 1576 458 quse

170 456 566 529 quicquid-dedit
587 456 639 506 id
659 473 805 507 omne
815 455 932 506 mihi
950 455 997 505 in
1019 454 1260 523 placentas
1280 456 1575 528 absumptum

171 531 257 586 est.
289 526 419 580 Tum
453 525 706 579 Xanthus:
761 525 944 577 Uxoris
982 526 1129 595 igitur
1166 545 1281 579 meae
1321 540 1574 597 peccatum

169 601 252 664 est,
275 611 327 652 ut
347 599 513 661 audio,
533 609 589 649 at
613 615 705 667 ego
723 596 838 648 deos
858 597 1018 658 testor,
1046 614 1143 648 non
1170 599 1317 650 levius
1339 598 1467 653 illam
1493 616 1572 652 me

170 672 525 741 castigaturum,
551 687 695 738 quarn
721 667 1056 719 ancillamaere
1084 686 1192 721 meo
1206 680 1430 739 emptam.
1491 670 1575 723 Ac

168 742 420 795 conversus
455 741 517 792 ad
553 740 794 792 mulierem
823 763 838 790 .·
889 737 1080 805 Veste3‚
1120 740 1294 810 inquit,
1322 740 1404 793 hic
1428 758 1581 810 pone.

166 814 392 882 Sperabat
408 813 536 864 enim
572 811 666 862 hoc
694 807 858 862 saltem
893 827 988 861 non
1005 807 1234 878 passurum
1257 813 1496 876 rusticum,
1519 816 1574 865 &

167 898 269 944 tam
290 884 538 954 indignam
561 882 781 951 injuriam
803 883 862 933 ab
899 882 1159 933 innocente
1184 882 1378 935 muliere
1403 881 1573 952 depul-

166 956 340 1020 surum,
359 954 688 1022 facturumque
706 964 759 1003 ut
793 953 900 1005 irati
939 950 1136 1021 hospitis
1170 951 1390 1005 sevitiam
1418 954 1573 1006 verbis

165 1029 418 1080 minueret.
478 1023 665 1078 Verum
692 1024 772 1074 ille
801 1024 921 1090 apud
945 1020 989 1074 se
1016 1039 1030 1066 ··
1066 1022 1246 1092 Aiunt,
1284 1025 1460 1094 inquit,
1494 1025 1572 1077 vi..

166 1100 265 1150 cini
282 1098 397 1162 mei,
435 1094 489 1149 ise
534 1113 632 1147 non
654 1092 945 1148 consuevisse
983 1095 1272 1163 restinguere
1310 1097 1570 1164 flammam,

162 1188 258 1240 qua
278 1170 362 1236 ipsi
395 1186 494 1221 non
519 1167 777 1219 adurantur
798 1192 821 1217 .-,-
849 1163 1032 1234 Neque
1069 1183 1161 1234 ego
1204 1166 1350 1235 igitur
1370 1164 1568 1219 inseram

163 1259 242 1303 me
266 1241 431 1292 alienis
450 1239 677 1308 negotiiS,
713 1242 774 1290 &.
796 1234 1035 1289 Xanthum
1069 1236 1373 1302 praehendens
1393 1255 1536 1290 manu
1551 1254 1571 1289 -ε

164 1309 362 1382 QaesO,
400 1312 583 1380 inquit,
618 1309 649 1360 fi
671 1310 737 1358 ita
761 1308 964 1369 videtur,
991 1303 1223 1374 paulisper
1248 1326 1404 1371 mane,
1448 1307 1567 1361 dum

162 1388 216 1436 δε
238 1400 389 1434 meam
417 1398 609 1432 uxorem
639 1378 896 1441 adducam,
934 1396 994 1429 ne
1014 1377 1095 1430 ista
1114 1374 1207 1429 sola
1232 1379 1436 1444 vapulet,
1485 1375 1569 1431 sed

162 1455 310 1506 ambae
323 1453 482 1523 potius
503 1456 552 1504 &
571 1450 766 1519 quidem
794 1449 983 1502 alternis
1001 1447 1166 1518 plagiS.
1238 1448 1460 1502 Xanthus
1481 1450 1568 1503 etsi

87 1528 91 1532 '
162 1525 346 1580 ferebat
366 1541 500 1594 aegre,
529 1521 881 1590 simplicitatem
899 1517 1093 1589 hospitis
1113 1537 1275 1571 omnes
1296 1521 1571 1575 occafiones

161 1596 441 1651 verberandi
466 1585 691 1662 AEsopum
706 1589 981 1659 praecidisse,
1025 1601 1183 1641 tamen
1208 1595 1261 1644 ὅ(
1282 1608 1349 1641 res
1365 1591 1569 1646 ridicula

163 1669 233 1721 illi
262 1665 376 1729 visa,
416 1671 465 1718 Sc
490 1661 585 1734 ipse
607 1665 796 1715 coaetus
833 1661 927 1713 fuit
959 1660 1116 1724 fateri,
1152 1659 1395 1713 adduxisse
1424 1658 1578 1716 AEso--

109 1768 115 1776 ·
165 1758 276 1810 pum
316 1737 559 1791 hominem
595 1735 876 1802 neutiquam
920 1730 1170 1784 curiosum.
1239 1734 1424 1784 Paucos
1464 1734 1578 1800 post.

165 1812 269 1863 dies
306 1820 406 1861 erat
450 1808 497 1858 in
536 1805 643 1858 foro
680 1803 881 1856 Xantho
918 1804 1187 1871 negotium,
1231 1804 1385 1854 mittit
1420 1804 1567 1873 igitur

166 1880 391 1947 AEsopum
412 1877 720 1946 exploratum,
759 1894 818 1926 an
845 1892 1012 1944 magna
1031 1872 1145 1926 effet
1165 1873 1567 1928 hominumturba

165 1953 290 2023 apud
308 1950 459 2004 forum
480 1966 491 1999 ε
529 1947 693 2014 Qem
711 1965 818 1998 cum
835 1948 884 1997 in
903 1949 976 1998 via
997 1945 1185 1996 obviarn
1207 1943 1436 1997 habuisset
1455 1963 1566 2009 prae-

162 2041 241 2078 tor
266 2023 541 2082 Samiorum,
583 2019 915 2087 interrogavit,
954 2033 1052 2084 quo
1072 2016 1222 2067 abiret
1247 2023 1265 2067 §³
1288 2013 1399 2067 -Cui
1421 2013 1566 2069 AEso-

162 2114 246 2164 pus
290 2091 562 2160 respondit:
597 2087 802 2142 Nelcire
842 2084 886 2140 se
921 2105 1022 2156 quo
1062 2086 1256 2156 quidem
1289 2103 1415 2137 nunc
1459 2089 1568 2140 iret.

164 2169 343 2220 Γαῖος
377 2161 560 2214 irrideri
588 2158 631 2212 se
661 2161 946 2221 existinian5‚
987 2158 1229 2209 lictoribus
1270 2158 1484 2226 imperat,
1511 2170 1567 2210 ut

162 2240 297 2290 illum
324 2232 748 2301 comprehendant,
774 2234 822 2283 δε
847 2231 896 2280 in
922 2247 1154 2282 carcerem
1184 2228 1382 2280 ducant.
1439 2227 1567 2282 Tum

163 2305 397 2375 AEsopus:
433 2300 645 2366 Censen,
663 2303 840 2370 inquit,
876 2318 985 2350 cum
1006 2299 1153 2350 domo
1178 2299 1372 2360 exirem,
1410 2301 1567 2352 credi-

159 2377 298 2445 disse,
336 2394 411 2431 me
448 2374 511 2427 ad
536 2391 774 2430 carcerem
813 2371 1044 2426 tendere?
1080 2370 1258 2424 Praetor
1301 2369 1569 2423 delectatus

1485 2458 1567 2510 38⁸3
