1600 2693
408 33 679 99 VITA
735 31 1105 100 AEsopn
1346 48 1434 117 43

131 172 180 208 es
200 154 449 225 agitarent,
469 155 552 225 ipsi
578 152 670 208 sese
695 166 862 208 mutuo
885 153 1227 224 quaestiunculis
1253 156 1303 206 δε
1330 149 1448 205 scir-

0 245 8 277 e
62 217 120 296 “s
139 226 383 295 propositis
399 228 698 289 exercebant,
711 228 792 293 qui
808 225 960 296 griphi
980 227 1009 277 εἰ
1029 224 1211 277 Graecis
1232 229 1280 276 &
1300 224 1446 292 aenig-

0 315 42 367 eus,
56 309 176 349 mata
195 307 443 348 vocantur.
505 294 630 364 Qiae
669 297 752 364 qui
772 296 1068 364 interpretari
1111 301 1161 349 &
1200 293 1452 346 dissolvere

0 367 42 425 {mo
115 377 287 428 tuerat,
325 370 378 420 δε
419 368 654 435 praemium
680 371 732 419 &
768 366 955 417 laudem
997 364 1246 417 referebat.
1300 361 1371 415 Ea
1395 363 1448 415 in

0 441 39 493 >ul-
60 435 258 488 revalde
288 435 416 487 utilis
440 438 540 506 regi
565 433 758 504 AEsopus
778 437 1000 487 inventus
1025 436 1108 499 est,
1155 434 1451 502 multumque

0 505 38 576 'pe-
59 505 121 558 iffi
141 506 429 573 praemiorum
464 512 516 560 &
543 507 898 560 existimationis
939 503 1173 573 sapientiae
1192 504 1453 574 ‘acquifivit

0 597 36 635 rm„
81 578 309 628 crimonia
334 578 515 645 ingenii
545 575 629 629 sui.
702 576 939 629 Caeterum
963 593 1077 627 cum
1101 576 1149 627 ei
1172 574 1363 627 fortuna
1383 572 1453 626 li-

2 664 37 717 nt,-
54 648 188 700 beros
230 645 488 710 invidisset,
533 658 588 699 ut
635 645 829 700 haberet
859 663 957 715 quo
994 644 1278 708 senectutem
1323 641 1453 697 suam

0 738 33 777 ie,
59 717 314 782 oblestaret
337 728 483 786 atque
508 716 801 780 sustentaret,
839 717 903 768 de
940 718 1062 786 regis
1086 716 1338 769 voluntate
1359 714 1452 766 ad-

0 792 34 842 ui.
58 788 242 855 optavit
266 784 634 849 adolescentem,
652 789 780 840 bono
803 786 917 839 loco
938 799 1121 849 natum,
1148 784 1227 837 led
1254 801 1454 854 pauper-

0 878 18 928 μι
56 855 231 920 nulum,
279 857 477 926 ingenio
496 857 849 927 nonilliberali,
881 868 936 908 ut
956 857 1224 909 videbatur.
1286 854 1453 925 Qem

0 935 32 983 ri·
51 937 281 997 tanquam
301 926 421 979 exse
441 939 578 979 natus
601 925 731 991 effet,
773 928 911 979 bonis
931 928 1107 979 artibus
1127 944 1185 978 ac
1209 926 1459 995 praeceptis

0 1013 150 1059 ivnon
185 996 368 1049 destitit
399 999 660 1061 instituere,
698 998 1046 1066 monstrareque
1086 1001 1139 1050 δε
1185 996 1458 1064 praecipere,

0 1091 20 1126 12
58 1086 163 1138 quae
187 1067 504 1138 ingredienda
537 1069 615 1121 via
636 1067 751 1121 effet
770 1068 993 1120 tendenti
1013 1068 1073 1120 ad
1095 1065 1377 1121 felicitatem
1401 1068 1457 1119 &

0 1145 28 1196 il.
48 1138 272 1209 gloriam,
334 1137 516 1191 Verum
545 1136 740 1192 scelestae
775 1143 825 1193 δε
850 1136 1093 1210 flagitiosae
1128 1150 1305 1190 naturae
1346 1135 1459 1189 nul-

0 1227 27 1267 ae-
55 1209 100 1262 la
121 1207 305 1261 cultura
324 1222 408 1261 aut
426 1209 583 1262 studio
608 1211 744 1262 bonae
769 1211 1020 1279 probaeque
1039 1209 1328 1271 efficiuntur,
1370 1225 1461 1260 ne-

0 1303 26 1337 ο.
51 1295 150 1349 que
194 1279 320 1331 illius
343 1281 630 1350 pravitatem
664 1279 927 1333 naturalem
960 1281 1149 1333 bonitas
1199 1276 1463 1349 disciplinae

0 1373 26 1407 n.
51 1349 310 1407 «emendare
345 1351 521 1420 potuit.
572 1350 747 1420 Itaque
788 1351 1206 1421 inexpugnabilem
1237 1349 1462 1421 perversi-

0 1427 22 1479 di
51 1431 207 1473 tatem
246 1421 587 1474 removendam·
614 1419 809 1491 AEsopus
845 1419 1046 1474 censuit.
1121 1420 1245 1493 Qo
1264 1421 1459 1476 intelle-

0 1515 25 1550 111¹
46 1490 138 1546 εᾶο
162 1490 262 1555 ille,
286 1503 340 1544 ut
354 1492 466 1545 mali
484 1489 792 1558 consuevere,
833 1489 1048 1546 facinora
1063 1491 1357 1547 facinoribus
1379 1510 1471 1546 ac-

0 1585 21 1621 es
57 1562 300 1615 cumulare
334 1561 635 1634 aggreditur,
678 1574 831 1633 utque
863 1561 910 1617 se
936 1562 1268 1629 ulcisceretur,
1302 1566 1467 1621 literas

0 1657 21 1689 ι.
58 1632 316 1705 confingit,
356 1636 483 1706 quali
504 1647 637 1703 patre
665 1645 851 1696 autore,
882 1635 1054 1715 quibus
1078 1635 1162 1688 ille
1183 1636 1356 1688 vicinis
1376 1651 1467 1691 -re-

96 1704 197 1756 'bus
240 1720 431 1773 operam
465 1701 592 1757 suam
641 1705 945 1774 polliceretur
984 1717 1152 1759 contra
1192 1706 1464 1777 Lycetum:

59 1718 397 1844 &ailitem
434 1775 495 1826 ad
522 1793 679 1847 regem
720 1773 877 1828 defert
891 1772 922 1840 ,'
949 1788 1228 1848 patremque
1269 1773 1465 1832 accusat

61 1844 363 1914 proditionis',
382 1844 599 1915 praefatus
616 1846 831 1916 quidem,
854 1859 1039 1917 quanto
1065 1866 1174 1901 cum
1201 1850 1346 1901 animi
1367 1849 1465 1901 do-

61 1916 164 1968 lore
186 1907 350 1968 faciat.
423 1914 607 1987 Neque
649 1915 846 1970 enimse
884 1930 981 1970 tam
1005 1919 1316 1972 inhumanum
1339 1918 1465 1984 effe,

62 1997 135 2049 nt,
156 1986 273 2056 quid
295 1987 503 2056 patribus
522 1992 552 2042 a
572 1989 731 2042 liberis
771 1990 1047 2042 reverentiae
1071 1995 1123 2043 δε
1145 1990 1338 2061 pudoris
1372 1991 1466 2044 de-

0 2092 13 2107 .
60 2057 245 2119 beatur,
269 2057 482 2127 ignoret,
519 2056 599 2111 sed
625 2057 840 2129 profesto
871 2061 993 2131 regis
1017 2064 1275 2131 patriaeque
1302 2079 1462 2115 curam

63 2125 311 2180 obscurare
331 2133 380 2182 &
403 2129 626 2199 repellere
646 2130 725 2182 illa
748 2131 924 2182 omnia.
964 2128 1074 2186 Rex
1092 2132 1214 2184 nihil
1231 2129 1465 2201 suspicans

65 2194 251 2250 sceleris
272 2196 465 2264 subess'e,
484 2200 854 2253 calumniantem
877 2201 944 2252 ita
971 2202 1176 2266 audivit,
1213 2203 1340 2272 quasi
1355 2220 1465 2256 vera

0 2309 10 2319 .
66 2267 360 2332 afferentem,
384 2270 632 2324 industum
658 2270 814 2324 studio
845 2267 927 2324 sui.
963 2269 1135 2342 Itaque
1175 2291 1223 2324 re
1247 2273 1467 2342 inexplo-

66 2349 166 2393 παῖε
192 2335 419 2411 AEsopum
449 2343 602 2396 statim
625 2341 760 2414 jubet
790 2341 966 2397 necari.
1017 2341 1214 2415 Qibus
1238 2343 1290 2396 id
1310 2359 1466 2421 nego:-

1406 2425 1467 2464 tu,
1493 2451 1496 2453 -
