<?xml version="1.0" encoding="UTF-8"?>
<!DOCTYPE html PUBLIC "-//W3C//DTD XHTML 1.0 Transitional//EN"
    "http://www.w3.org/TR/xhtml1/DTD/xhtml1-transitional.dtd">
<html xmlns="http://www.w3.org/1999/xhtml" xml:lang="en" lang="en">
 <head>
  <title>
</title>
<meta http-equiv="Content-Type" content="text/html;charset=utf-8" />
  <meta name='ocr-system' content='tesseract 3.04.00' />
  <meta name='ocr-capabilities' content='ocr_page ocr_carea ocr_par ocr_line ocrx_word'/>
</head>
<body>
  <div class='ocr_page' id='page_1' title='image "./mythologiasopi00john_0329.png"; bbox 0 0 1600 2693; ppageno 0'>
   <div class='ocr_carea' id='block_1_1' title="bbox 398 0 1514 93">
    <p class='ocr_par' dir='ltr' id='par_1_1' title="bbox 398 0 1514 93">
     <span class='ocr_line' id='line_1_1' title="bbox 398 0 1514 93; baseline -0.001 -24"><span class='ocrx_word' id='word_1_1' title='bbox 398 1 786 69; x_wconf 39' lang='lat' dir='ltr'>TABuLA—</span> <span class='ocrx_word' id='word_1_2' title='bbox 817 0 1236 68; x_wconf 64' lang='lat' dir='ltr'>Caenus.</span> <span class='ocrx_word' id='word_1_3' title='bbox 1382 21 1514 93; x_wconf 85' lang='lat'>127</span> 
     </span>
    </p>
   </div>
   <div class='ocr_carea' id='block_1_2' title="bbox 36 113 1576 2364">
    <p class='ocr_par' dir='ltr' id='par_1_2' title="bbox 36 113 1576 2364">
     <span class='ocr_line' id='line_1_2' title="bbox 114 113 1511 184; baseline -0.003 -17"><span class='ocrx_word' id='word_1_4' title='bbox 114 116 225 168; x_wconf 83' lang='lat' dir='ltr'>bere</span> <span class='ocrx_word' id='word_1_5' title='bbox 249 126 400 179; x_wconf 86' lang='lat' dir='ltr'>vetat,</span> <span class='ocrx_word' id='word_1_6' title='bbox 416 126 499 167; x_wconf 83' lang='lat' dir='ltr'>aut</span> <span class='ocrx_word' id='word_1_7' title='bbox 522 114 781 184; x_wconf 83' lang='lat' dir='ltr'>quicquam</span> <span class='ocrx_word' id='word_1_8' title='bbox 806 113 986 165; x_wconf 85' lang='lat' dir='ltr'>firmum</span> <span class='ocrx_word' id='word_1_9' title='bbox 1004 113 1173 182; x_wconf 84' lang='lat' dir='ltr'>putari,</span> <span class='ocrx_word' id='word_1_10' title='bbox 1206 123 1375 166; x_wconf 87' lang='lat' dir='ltr'>tutove</span> <span class='ocrx_word' id='word_1_11' title='bbox 1399 114 1511 184; x_wconf 86' lang='lat' dir='ltr'>pos.</span> 
     </span>
     <span class='ocr_line' id='line_1_3' title="bbox 114 183 1511 253; baseline 0.001 -17"><span class='ocrx_word' id='word_1_12' title='bbox 114 185 271 250; x_wconf 79' lang='lat' dir='ltr'>fideti,</span> <span class='ocrx_word' id='word_1_13' title='bbox 312 197 393 236; x_wconf 90' lang='lat' dir='ltr'>aut</span> <span class='ocrx_word' id='word_1_14' title='bbox 419 203 502 253; x_wconf 87' lang='lat' dir='ltr'>pro</span> <span class='ocrx_word' id='word_1_15' title='bbox 528 184 610 236; x_wconf 79' lang='lat' dir='ltr'>suo</span> <span class='ocrx_word' id='word_1_16' title='bbox 629 183 796 247; x_wconf 82' lang='lat' dir='ltr'>teneri,</span> <span class='ocrx_word' id='word_1_17' title='bbox 822 183 956 253; x_wconf 86' lang='lat' dir='ltr'>quod</span> <span class='ocrx_word' id='word_1_18' title='bbox 973 183 1043 235; x_wconf 81' lang='lat' dir='ltr'>illi</span> <span class='ocrx_word' id='word_1_19' title='bbox 1062 194 1315 251; x_wconf 86' lang='lat' dir='ltr'>acceptum</span> <span class='ocrx_word' id='word_1_20' title='bbox 1333 188 1511 238; x_wconf 71' lang='lat' dir='ltr'>refera-</span> 
     </span>
     <span class='ocr_line' id='line_1_4' title="bbox 113 253 1508 323; baseline 0.002 -17"><span class='ocrx_word' id='word_1_21' title='bbox 113 266 205 307; x_wconf 86' lang='lat' dir='ltr'>tur.</span> <span class='ocrx_word' id='word_1_22' title='bbox 282 253 430 309; x_wconf 81' lang='lat' dir='ltr'>Nihil</span> <span class='ocrx_word' id='word_1_23' title='bbox 451 255 578 308; x_wconf 90' lang='lat' dir='ltr'>enim</span> <span class='ocrx_word' id='word_1_24' title='bbox 606 255 806 317; x_wconf 86' lang='lat' dir='ltr'>obstare,</span> <span class='ocrx_word' id='word_1_25' title='bbox 854 270 952 323; x_wconf 83' lang='lat' dir='ltr'>quo</span> <span class='ocrx_word' id='word_1_26' title='bbox 977 253 1130 307; x_wconf 86' lang='lat' dir='ltr'>minus</span> <span class='ocrx_word' id='word_1_27' title='bbox 1161 270 1217 305; x_wconf 87' lang='lat' dir='ltr'>ea</span> <span class='ocrx_word' id='word_1_28' title='bbox 1240 256 1425 322; x_wconf 84' lang='lat' dir='ltr'>eripiat,</span> <span class='ocrx_word' id='word_1_29' title='bbox 1454 260 1508 309; x_wconf 76' lang='grc' dir='ltr'>δε</span> 
     </span>
     <span class='ocr_line' id='line_1_5' title="bbox 111 320 1509 393; baseline 0.001 -17"><span class='ocrx_word' id='word_1_30' title='bbox 111 324 251 376; x_wconf 88' lang='lat' dir='ltr'>alteri·</span> <span class='ocrx_word' id='word_1_31' title='bbox 267 325 439 377; x_wconf 86' lang='lat' dir='ltr'>tradat.</span> <span class='ocrx_word' id='word_1_32' title='bbox 511 324 638 393; x_wconf 85' lang='lat' dir='ltr'>Saepe</span> <span class='ocrx_word' id='word_1_33' title='bbox 663 324 791 375; x_wconf 85' lang='lat' dir='ltr'>enim</span> <span class='ocrx_word' id='word_1_34' title='bbox 806 341 909 375; x_wconf 86' lang='lat' dir='ltr'>eam</span> <span class='ocrx_word' id='word_1_35' title='bbox 929 322 1025 375; x_wconf 90' lang='lat' dir='ltr'>hoc</span> <span class='ocrx_word' id='word_1_36' title='bbox 1044 321 1200 375; x_wconf 75' lang='lat' dir='ltr'>facere</span> <span class='ocrx_word' id='word_1_37' title='bbox 1221 320 1381 377; x_wconf 86' lang='lat' dir='ltr'>solere.</span> <span class='ocrx_word' id='word_1_38' title='bbox 1420 323 1509 378; x_wconf 86' lang='lat' dir='ltr'>Ob</span> 
     </span>
     <span class='ocr_line' id='line_1_6' title="bbox 109 390 1508 465; baseline -0.001 -17"><span class='ocrx_word' id='word_1_39' title='bbox 109 412 213 448; x_wconf 88' lang='lat' dir='ltr'>eam</span> <span class='ocrx_word' id='word_1_40' title='bbox 253 395 399 465; x_wconf 81' lang='lat' dir='ltr'>igitur</span> <span class='ocrx_word' id='word_1_41' title='bbox 423 390 607 446; x_wconf 87' lang='lat' dir='ltr'>causam</span> <span class='ocrx_word' id='word_1_42' title='bbox 625 405 804 456; x_wconf 88' lang='lat' dir='ltr'>monet,</span> <span class='ocrx_word' id='word_1_43' title='bbox 841 411 903 445; x_wconf 92' lang='lat' dir='ltr'>ne</span> <span class='ocrx_word' id='word_1_44' title='bbox 925 393 1176 446; x_wconf 78' lang='lat' dir='ltr'>vincantur</span> <span class='ocrx_word' id='word_1_45' title='bbox 1195 393 1317 444; x_wconf 85' lang='lat' dir='ltr'>illius</span> <span class='ocrx_word' id='word_1_46' title='bbox 1341 411 1508 447; x_wconf 81' lang='lat' dir='ltr'>mune-</span> 
     </span>
     <span class='ocr_line' id='line_1_7' title="bbox 108 463 1509 535; baseline 0.001 -19"><span class='ocrx_word' id='word_1_47' title='bbox 108 466 234 517; x_wconf 84' lang='lat' dir='ltr'>ribus</span> <span class='ocrx_word' id='word_1_48' title='bbox 253 486 268 526; x_wconf 99' lang='lat'>3</span> <span class='ocrx_word' id='word_1_49' title='bbox 304 482 425 518; x_wconf 90' lang='lat' dir='ltr'>neve</span> <span class='ocrx_word' id='word_1_50' title='bbox 446 464 687 535; x_wconf 84' lang='lat' dir='ltr'>gaudeant</span> <span class='ocrx_word' id='word_1_51' title='bbox 719 481 829 515; x_wconf 87' lang='lat' dir='ltr'>cum</span> <span class='ocrx_word' id='word_1_52' title='bbox 852 463 1077 533; x_wconf 76' lang='lat' dir='ltr'>largiatur</span> <span class='ocrx_word' id='word_1_53' title='bbox 1096 485 1113 524; x_wconf 90' lang='lat'>3</span> <span class='ocrx_word' id='word_1_54' title='bbox 1147 479 1269 521; x_wconf 76' lang='lat' dir='ltr'>neve</span> <span class='ocrx_word' id='word_1_55' title='bbox 1306 463 1509 518; x_wconf 79' lang='lat' dir='ltr'>doleant:</span> 
     </span>
     <span class='ocr_line' id='line_1_8' title="bbox 107 533 1506 604; baseline 0.001 -18"><span class='ocrx_word' id='word_1_56' title='bbox 107 552 217 588; x_wconf 89' lang='lat' dir='ltr'>cum</span> <span class='ocrx_word' id='word_1_57' title='bbox 244 535 411 604; x_wconf 83' lang='lat' dir='ltr'>eripiat</span> <span class='ocrx_word' id='word_1_58' title='bbox 430 560 445 588; x_wconf 89' lang='lat'>.·</span> <span class='ocrx_word' id='word_1_59' title='bbox 484 546 631 604; x_wconf 88' lang='lat' dir='ltr'>utque</span> <span class='ocrx_word' id='word_1_60' title='bbox 651 551 754 586; x_wconf 88' lang='lat' dir='ltr'>eam</span> <span class='ocrx_word' id='word_1_61' title='bbox 773 550 929 603; x_wconf 89' lang='lat' dir='ltr'>neque</span> <span class='ocrx_word' id='word_1_62' title='bbox 953 533 1174 601; x_wconf 82' lang='lat' dir='ltr'>laudent,</span> <span class='ocrx_word' id='word_1_63' title='bbox 1193 551 1349 602; x_wconf 90' lang='lat' dir='ltr'>neque</span> <span class='ocrx_word' id='word_1_64' title='bbox 1374 535 1506 587; x_wconf 86' lang='lat' dir='ltr'>vitu-</span> 
     </span>
     <span class='ocr_line' id='line_1_9' title="bbox 106 599 1508 674; baseline 0.001 -18"><span class='ocrx_word' id='word_1_65' title='bbox 106 617 288 674; x_wconf 77' lang='lat' dir='ltr'>perent.</span> <span class='ocrx_word' id='word_1_66' title='bbox 353 602 538 674; x_wconf 83' lang='lat' dir='ltr'>Neque</span> <span class='ocrx_word' id='word_1_67' title='bbox 557 606 683 657; x_wconf 88' lang='lat' dir='ltr'>enim</span> <span class='ocrx_word' id='word_1_68' title='bbox 710 603 965 673; x_wconf 80' lang='lat' dir='ltr'>quicquam</span> <span class='ocrx_word' id='word_1_69' title='bbox 987 599 1208 658; x_wconf 86' lang='lat' dir='ltr'>consulto</span> <span class='ocrx_word' id='word_1_70' title='bbox 1233 601 1407 667; x_wconf 83' lang='lat' dir='ltr'>facere,</span> <span class='ocrx_word' id='word_1_71' title='bbox 1424 602 1508 658; x_wconf 79' lang='lat' dir='ltr'>sed</span> 
     </span>
     <span class='ocr_line' id='line_1_10' title="bbox 104 673 1506 745; baseline 0 -18"><span class='ocrx_word' id='word_1_72' title='bbox 104 690 282 727; x_wconf 85' lang='lat' dir='ltr'>temere</span> <span class='ocrx_word' id='word_1_73' title='bbox 321 685 464 745; x_wconf 78' lang='lat' dir='ltr'>atque</span> <span class='ocrx_word' id='word_1_74' title='bbox 502 674 869 737; x_wconf 81' lang='lat' dir='ltr'>inconsiderate,</span> <span class='ocrx_word' id='word_1_75' title='bbox 906 673 1027 726; x_wconf 85' lang='lat' dir='ltr'>ficut</span> <span class='ocrx_word' id='word_1_76' title='bbox 1063 684 1176 727; x_wconf 81' lang='lat' dir='ltr'>ante</span> <span class='ocrx_word' id='word_1_77' title='bbox 1214 674 1349 725; x_wconf 79' lang='lat' dir='ltr'>vobis</span> <span class='ocrx_word' id='word_1_78' title='bbox 1386 674 1506 728; x_wconf 88' lang='lat' dir='ltr'>dixi.</span> 
     </span>
     <span class='ocr_line' id='line_1_11' title="bbox 104 741 1509 815; baseline 0 -18"><span class='ocrx_word' id='word_1_79' title='bbox 104 744 275 815; x_wconf 83' lang='lat' dir='ltr'>Quare</span> <span class='ocrx_word' id='word_1_80' title='bbox 301 741 485 799; x_wconf 84' lang='lat' dir='ltr'><strong>Genius</strong></span> <span class='ocrx_word' id='word_1_81' title='bbox 505 756 688 807; x_wconf 80' lang='lat' dir='ltr'>monet,</span> <span class='ocrx_word' id='word_1_82' title='bbox 730 761 792 796; x_wconf 91' lang='lat' dir='ltr'>ne</span> <span class='ocrx_word' id='word_1_83' title='bbox 810 745 1062 812; x_wconf 78' lang='lat' dir='ltr'>mirentur,</span> <span class='ocrx_word' id='word_1_84' title='bbox 1082 743 1317 813; x_wconf 86' lang='lat' dir='ltr'>quicquid</span> <span class='ocrx_word' id='word_1_85' title='bbox 1339 742 1416 796; x_wconf 84' lang='lat' dir='ltr'>illa</span> <span class='ocrx_word' id='word_1_86' title='bbox 1430 742 1509 797; x_wconf 84' lang='lat' dir='ltr'>fa-</span> 
     </span>
     <span class='ocr_line' id='line_1_12' title="bbox 99 812 1505 883; baseline 0 -15"><span class='ocrx_word' id='word_1_87' title='bbox 99 817 236 868; x_wconf 88' lang='lat' dir='ltr'>ciat:</span> <span class='ocrx_word' id='word_1_88' title='bbox 273 832 395 867; x_wconf 89' lang='lat' dir='ltr'>neve</span> <span class='ocrx_word' id='word_1_89' title='bbox 423 815 568 868; x_wconf 88' lang='lat' dir='ltr'>malos</span> <span class='ocrx_word' id='word_1_90' title='bbox 608 812 860 867; x_wconf 83' lang='lat' dir='ltr'>mensarios</span> <span class='ocrx_word' id='word_1_91' title='bbox 892 814 1162 881; x_wconf 80' lang='lat' dir='ltr'>imitentur,</span> <span class='ocrx_word' id='word_1_92' title='bbox 1200 814 1283 882; x_wconf 91' lang='lat' dir='ltr'>qui</span> <span class='ocrx_word' id='word_1_93' title='bbox 1305 827 1505 883; x_wconf 81' lang='lat' dir='ltr'>accepta</span> 
     </span>
     <span class='ocr_line' id='line_1_13' title="bbox 98 881 1505 955; baseline 0 -17"><span class='ocrx_word' id='word_1_94' title='bbox 98 888 161 938; x_wconf 87' lang='lat' dir='ltr'>ab</span> <span class='ocrx_word' id='word_1_95' title='bbox 179 886 282 937; x_wconf 87' lang='lat' dir='ltr'>aliis</span> <span class='ocrx_word' id='word_1_96' title='bbox 306 887 511 955; x_wconf 83' lang='lat' dir='ltr'>pecunia</span> <span class='ocrx_word' id='word_1_97' title='bbox 558 884 798 955; x_wconf 86' lang='lat' dir='ltr'>gaudeant</span> <span class='ocrx_word' id='word_1_98' title='bbox 830 897 1058 953; x_wconf 81' lang='lat' dir='ltr'>tanquam</span> <span class='ocrx_word' id='word_1_99' title='bbox 1078 881 1183 944; x_wconf 83' lang='lat' dir='ltr'>sua3</span> <span class='ocrx_word' id='word_1_100' title='bbox 1240 883 1505 954; x_wconf 85' lang='lat' dir='ltr'>eademque</span> 
     </span>
     <span class='ocr_line' id='line_1_14' title="bbox 99 954 1576 1026; baseline -0.001 -16"><span class='ocrx_word' id='word_1_101' title='bbox 99 957 303 1026; x_wconf 86' lang='lat' dir='ltr'>repetita</span> <span class='ocrx_word' id='word_1_102' title='bbox 323 956 650 1026; x_wconf 82' lang='lat' dir='ltr'>indignentur,</span> <span class='ocrx_word' id='word_1_103' title='bbox 688 967 832 1024; x_wconf 82' lang='lat' dir='ltr'>atque</span> <span class='ocrx_word' id='word_1_104' title='bbox 865 955 1083 1023; x_wconf 83' lang='lat' dir='ltr'>injuriam</span> <span class='ocrx_word' id='word_1_105' title='bbox 1106 954 1190 1006; x_wconf 85' lang='lat' dir='ltr'>fibi</span> <span class='ocrx_word' id='word_1_106' title='bbox 1227 954 1395 1006; x_wconf 62' lang='lat' dir='ltr'>fastam</span> <span class='ocrx_word' id='word_1_107' title='bbox 1416 973 1506 1024; x_wconf 90' lang='lat' dir='ltr'>pu·</span> <span class='ocrx_word' id='word_1_108' title='bbox 1567 968 1576 979; x_wconf 75' lang='grc'>”</span> 
     </span>
     <span class='ocr_line' id='line_1_15' title="bbox 98 1021 1501 1092; baseline -0.002 -11"><span class='ocrx_word' id='word_1_109' title='bbox 98 1038 241 1081; x_wconf 86' lang='lat' dir='ltr'>tent.-</span> <span class='ocrx_word' id='word_1_110' title='bbox 277 1026 418 1079; x_wconf 90' lang='lat' dir='ltr'>obliti</span> <span class='ocrx_word' id='word_1_111' title='bbox 441 1028 678 1089; x_wconf 86' lang='lat' dir='ltr'>nimirum,</span> <span class='ocrx_word' id='word_1_112' title='bbox 717 1043 771 1076; x_wconf 82' lang='lat' dir='ltr'>ea</span> <span class='ocrx_word' id='word_1_113' title='bbox 813 1024 1099 1077; x_wconf 90' lang='lat' dir='ltr'>conditione</span> <span class='ocrx_word' id='word_1_114' title='bbox 1123 1023 1250 1092; x_wconf 89' lang='lat' dir='ltr'>apud</span> <span class='ocrx_word' id='word_1_115' title='bbox 1294 1021 1340 1075; x_wconf 90' lang='lat' dir='ltr'>se</span> <span class='ocrx_word' id='word_1_116' title='bbox 1363 1027 1501 1078; x_wconf 64' lang='lat' dir='ltr'>fuisse</span> 
     </span>
     <span class='ocr_line' id='line_1_16' title="bbox 97 1093 1502 1167; baseline -0.001 -17"><span class='ocrx_word' id='word_1_117' title='bbox 97 1097 376 1167; x_wconf 69' lang='lat' dir='ltr'>depositam,</span> <span class='ocrx_word' id='word_1_118' title='bbox 419 1108 472 1149; x_wconf 90' lang='lat' dir='ltr'>ut</span> <span class='ocrx_word' id='word_1_119' title='bbox 492 1093 668 1167; x_wconf 88' lang='lat' dir='ltr'>absque</span> <span class='ocrx_word' id='word_1_120' title='bbox 701 1094 800 1148; x_wconf 89' lang='lat' dir='ltr'>ullo</span> <span class='ocrx_word' id='word_1_121' title='bbox 824 1094 1172 1163; x_wconf 84' lang='lat' dir='ltr'>impedimento</span> <span class='ocrx_word' id='word_1_122' title='bbox 1211 1093 1238 1145; x_wconf 71' lang='lat' dir='ltr'>:i</span> <span class='ocrx_word' id='word_1_123' title='bbox 1261 1094 1502 1150; x_wconf 75' lang='lat' dir='ltr'>creditore</span> 
     </span>
     <span class='ocr_line' id='line_1_17' title="bbox 96 1160 1499 1237; baseline -0.001 -16"><span class='ocrx_word' id='word_1_124' title='bbox 96 1170 399 1237; x_wconf 86' lang='lat' dir='ltr'>reciperetur.</span> <span class='ocrx_word' id='word_1_125' title='bbox 438 1166 621 1220; x_wconf 84' lang='lat' dir='ltr'>Eodem</span> <span class='ocrx_word' id='word_1_126' title='bbox 656 1183 771 1237; x_wconf 76' lang='lat' dir='ltr'>ergo</span> <span class='ocrx_word' id='word_1_127' title='bbox 790 1165 938 1218; x_wconf 87' lang='lat' dir='ltr'>modo</span> <span class='ocrx_word' id='word_1_128' title='bbox 952 1166 1088 1233; x_wconf 87' lang='lat' dir='ltr'>jubet</span> <span class='ocrx_word' id='word_1_129' title='bbox 1107 1160 1294 1217; x_wconf 87' lang='lat' dir='ltr'>Genius</span> <span class='ocrx_word' id='word_1_130' title='bbox 1313 1182 1422 1236; x_wconf 85' lang='lat' dir='ltr'>erga</span> <span class='ocrx_word' id='word_1_131' title='bbox 1442 1184 1499 1219; x_wconf 89' lang='lat' dir='ltr'>e-</span> 
     </span>
     <span class='ocr_line' id='line_1_18' title="bbox 93 1232 1499 1311; baseline -0.008 -19"><span class='ocrx_word' id='word_1_132' title='bbox 93 1241 169 1311; x_wconf 72' lang='lat' dir='ltr'>jus</span> <span class='ocrx_word' id='word_1_133' title='bbox 205 1257 395 1292; x_wconf 86' lang='lat' dir='ltr'>munera</span> <span class='ocrx_word' id='word_1_134' title='bbox 430 1235 523 1290; x_wconf 82' lang='lat' dir='ltr'>effe</span> <span class='ocrx_word' id='word_1_135' title='bbox 557 1235 784 1290; x_wconf 63' lang='lat' dir='ltr'>affectos:</span> <span class='ocrx_word' id='word_1_136' title='bbox 820 1240 874 1289; x_wconf 60' lang='grc' dir='ltr'>δὲ</span> <span class='ocrx_word' id='word_1_137' title='bbox 914 1235 965 1287; x_wconf 90' lang='lat' dir='ltr'>id</span> <span class='ocrx_word' id='word_1_138' title='bbox 989 1232 1209 1288; x_wconf 80' lang='lat' dir='ltr'>Fortunae</span> <span class='ocrx_word' id='word_1_139' title='bbox 1241 1232 1334 1286; x_wconf 85' lang='lat' dir='ltr'>effe</span> <span class='ocrx_word' id='word_1_140' title='bbox 1359 1237 1499 1306; x_wconf 84' lang='lat' dir='ltr'>inge-</span> 
     </span>
     <span class='ocr_line' id='line_1_19' title="bbox 94 1303 1502 1377; baseline -0.003 -13"><span class='ocrx_word' id='word_1_141' title='bbox 94 1311 226 1364; x_wconf 88' lang='lat' dir='ltr'>nium</span> <span class='ocrx_word' id='word_1_142' title='bbox 251 1306 529 1370; x_wconf 88' lang='lat' dir='ltr'>meminisse,</span> <span class='ocrx_word' id='word_1_143' title='bbox 553 1320 609 1360; x_wconf 84' lang='lat' dir='ltr'>ut</span> <span class='ocrx_word' id='word_1_144' title='bbox 633 1312 810 1377; x_wconf 77' lang='lat' dir='ltr'>&amp;,quae</span> <span class='ocrx_word' id='word_1_145' title='bbox 836 1306 1046 1367; x_wconf 82' lang='lat' dir='ltr'>dederit,</span> <span class='ocrx_word' id='word_1_146' title='bbox 1066 1307 1310 1375; x_wconf 85' lang='lat' dir='ltr'>eripiat,&amp;</span> <span class='ocrx_word' id='word_1_147' title='bbox 1337 1303 1502 1371; x_wconf 82' lang='lat' dir='ltr'>subito</span> 
     </span>
     <span class='ocr_line' id='line_1_20' title="bbox 92 1374 1502 1450; baseline -0.004 -16"><span class='ocrx_word' id='word_1_148' title='bbox 92 1381 239 1450; x_wconf 71' lang='lat' dir='ltr'>longe</span> <span class='ocrx_word' id='word_1_149' title='bbox 263 1380 392 1449; x_wconf 87' lang='lat' dir='ltr'>plura</span> <span class='ocrx_word' id='word_1_150' title='bbox 411 1379 652 1447; x_wconf 82' lang='lat' dir='ltr'>largiatur,</span> <span class='ocrx_word' id='word_1_151' title='bbox 681 1374 923 1446; x_wconf 72' lang='lat' dir='ltr'>rursusque</span> <span class='ocrx_word' id='word_1_152' title='bbox 946 1374 1130 1429; x_wconf 85' lang='lat' dir='ltr'>auferat</span> <span class='ocrx_word' id='word_1_153' title='bbox 1146 1393 1202 1428; x_wconf 88' lang='lat' dir='ltr'>ea</span> <span class='ocrx_word' id='word_1_154' title='bbox 1217 1393 1321 1447; x_wconf 82' lang='lat' dir='ltr'>quae</span> <span class='ocrx_word' id='word_1_155' title='bbox 1341 1376 1502 1429; x_wconf 81' lang='lat' dir='ltr'>dede-</span> 
     </span>
     <span class='ocr_line' id='line_1_21' title="bbox 36 1446 1497 1517; baseline -0.003 -12"><span class='ocrx_word' id='word_1_156' title='bbox 36 1456 40 1458; x_wconf 82' lang='grc'><strong>’</strong></span> <span class='ocrx_word' id='word_1_157' title='bbox 93 1464 166 1505; x_wconf 76' lang='lat' dir='ltr'>rat</span> <span class='ocrx_word' id='word_1_158' title='bbox 191 1468 203 1501; x_wconf 91' lang='lat'>:</span> <span class='ocrx_word' id='word_1_159' title='bbox 241 1468 332 1503; x_wconf 89' lang='lat' dir='ltr'>nec</span> <span class='ocrx_word' id='word_1_160' title='bbox 349 1468 404 1502; x_wconf 82' lang='lat' dir='ltr'>ea</span> <span class='ocrx_word' id='word_1_161' title='bbox 430 1446 680 1513; x_wconf 64' lang='lat' dir='ltr'>soluQsed</span> <span class='ocrx_word' id='word_1_162' title='bbox 699 1448 781 1500; x_wconf 88' lang='lat' dir='ltr'>illa</span> <span class='ocrx_word' id='word_1_163' title='bbox 803 1450 948 1506; x_wconf 83' lang='lat' dir='ltr'>etiam</span> <span class='ocrx_word' id='word_1_164' title='bbox 975 1446 1162 1517; x_wconf 83' lang='lat' dir='ltr'>quaeilli</span> <span class='ocrx_word' id='word_1_165' title='bbox 1180 1458 1293 1499; x_wconf 86' lang='lat' dir='ltr'>ante</span> <span class='ocrx_word' id='word_1_166' title='bbox 1314 1446 1497 1500; x_wconf 87' lang='lat' dir='ltr'>habue-</span> 
     </span>
     <span class='ocr_line' id='line_1_22' title="bbox 92 1514 1505 1592; baseline -0.002 -18"><span class='ocrx_word' id='word_1_167' title='bbox 92 1523 205 1575; x_wconf 84' lang='lat' dir='ltr'>rint.</span> <span class='ocrx_word' id='word_1_168' title='bbox 242 1519 369 1592; x_wconf 78' lang='lat' dir='ltr'>Qae</span> <span class='ocrx_word' id='word_1_169' title='bbox 395 1522 542 1590; x_wconf 77' lang='lat' dir='ltr'>igitur</span> <span class='ocrx_word' id='word_1_170' title='bbox 568 1519 672 1583; x_wconf 89' lang='lat' dir='ltr'>det,</span> <span class='ocrx_word' id='word_1_171' title='bbox 718 1518 877 1587; x_wconf 86' lang='lat' dir='ltr'>accipi</span> <span class='ocrx_word' id='word_1_172' title='bbox 913 1519 1050 1587; x_wconf 84' lang='lat' dir='ltr'>jubet</span> <span class='ocrx_word' id='word_1_173' title='bbox 1068 1519 1127 1569; x_wconf 84' lang='lat' dir='ltr'>ab</span> <span class='ocrx_word' id='word_1_174' title='bbox 1145 1535 1218 1580; x_wconf 82' lang='lat' dir='ltr'>ea,</span> <span class='ocrx_word' id='word_1_175' title='bbox 1241 1514 1389 1586; x_wconf 83' lang='lat' dir='ltr'>iisque</span> <span class='ocrx_word' id='word_1_176' title='bbox 1410 1536 1505 1571; x_wconf 68' lang='lat' dir='ltr'>ac-</span> 
     </span>
     <span class='ocr_line' id='line_1_23' title="bbox 93 1588 1501 1662; baseline -0.002 -17"><span class='ocrx_word' id='word_1_177' title='bbox 93 1593 245 1662; x_wconf 78' lang='lat' dir='ltr'>ceptis</span> <span class='ocrx_word' id='word_1_178' title='bbox 270 1610 409 1662; x_wconf 84' lang='lat' dir='ltr'>quam</span> <span class='ocrx_word' id='word_1_179' title='bbox 434 1592 635 1661; x_wconf 86' lang='lat' dir='ltr'>primum</span> <span class='ocrx_word' id='word_1_180' title='bbox 661 1589 835 1641; x_wconf 82' lang='lat' dir='ltr'>accedi</span> <span class='ocrx_word' id='word_1_181' title='bbox 871 1589 933 1641; x_wconf 87' lang='lat' dir='ltr'>ad</span> <span class='ocrx_word' id='word_1_182' title='bbox 953 1588 1249 1640; x_wconf 85' lang='lat' dir='ltr'>constantem</span> <span class='ocrx_word' id='word_1_183' title='bbox 1273 1595 1315 1642; x_wconf 71' lang='lat'>8&lt;</span> <span class='ocrx_word' id='word_1_184' title='bbox 1342 1600 1501 1642; x_wconf 84' lang='lat' dir='ltr'>tutam</span> 
     </span>
     <span class='ocr_line' id='line_1_24' title="bbox 90 1657 1556 1734; baseline -0.002 -19"><span class='ocrx_word' id='word_1_185' title='bbox 90 1664 409 1734; x_wconf 82' lang='lat' dir='ltr'>largitionem.</span> <span class='ocrx_word' id='word_1_186' title='bbox 461 1659 796 1728; x_wconf 27' lang='lat' dir='ltr'>Quaenamvina</span> <span class='ocrx_word' id='word_1_187' title='bbox 818 1659 921 1712; x_wconf 83' lang='lat' dir='ltr'>est?</span> <span class='ocrx_word' id='word_1_188' title='bbox 975 1660 1187 1728; x_wconf 84' lang='lat' dir='ltr'>inquam.</span> <span class='ocrx_word' id='word_1_189' title='bbox 1248 1657 1413 1728; x_wconf 82' lang='lat' dir='ltr'>Qarn</span> <span class='ocrx_word' id='word_1_190' title='bbox 1436 1662 1497 1713; x_wconf 87' lang='lat' dir='ltr'>ab</span> <span class='ocrx_word' id='word_1_191' title='bbox 1554 1694 1556 1697; x_wconf 37' lang='lat' dir='ltr'>v</span> 
     </span>
     <span class='ocr_line' id='line_1_25' title="bbox 91 1729 1495 1800; baseline -0.002 -15"><span class='ocrx_word' id='word_1_192' title='bbox 91 1731 381 1786; x_wconf 81' lang='lat' dir='ltr'>Eruditione</span> <span class='ocrx_word' id='word_1_193' title='bbox 402 1730 507 1785; x_wconf 87' lang='lat' dir='ltr'>sunt</span> <span class='ocrx_word' id='word_1_194' title='bbox 531 1732 791 1800; x_wconf 86' lang='lat' dir='ltr'>accepturi,</span> <span class='ocrx_word' id='word_1_195' title='bbox 832 1729 865 1782; x_wconf 83' lang='lat' dir='ltr'>fi</span> <span class='ocrx_word' id='word_1_196' title='bbox 909 1746 969 1781; x_wconf 90' lang='lat' dir='ltr'>eo</span> <span class='ocrx_word' id='word_1_197' title='bbox 988 1729 1286 1798; x_wconf 84' lang='lat' dir='ltr'>pervenerint</span> <span class='ocrx_word' id='word_1_198' title='bbox 1305 1730 1495 1782; x_wconf 83' lang='lat' dir='ltr'>incolu-</span> 
     </span>
     <span class='ocr_line' id='line_1_26' title="bbox 93 1796 1498 1873; baseline -0.006 -17"><span class='ocrx_word' id='word_1_199' title='bbox 93 1821 206 1856; x_wconf 86' lang='lat' dir='ltr'>mes.</span> <span class='ocrx_word' id='word_1_200' title='bbox 244 1802 316 1855; x_wconf 86' lang='lat' dir='ltr'>Ea</span> <span class='ocrx_word' id='word_1_201' title='bbox 340 1821 454 1856; x_wconf 84' lang='lat' dir='ltr'>vero</span> <span class='ocrx_word' id='word_1_202' title='bbox 470 1819 571 1873; x_wconf 82' lang='lat' dir='ltr'>quae</span> <span class='ocrx_word' id='word_1_203' title='bbox 588 1802 687 1855; x_wconf 80' lang='lat' dir='ltr'>est?</span> <span class='ocrx_word' id='word_1_204' title='bbox 725 1800 856 1854; x_wconf 86' lang='lat' dir='ltr'>Vera</span> <span class='ocrx_word' id='word_1_205' title='bbox 877 1796 1072 1851; x_wconf 87' lang='lat' dir='ltr'>scientia</span> <span class='ocrx_word' id='word_1_206' title='bbox 1093 1821 1108 1860; x_wconf 79' lang='lat'>3</span> <span class='ocrx_word' id='word_1_207' title='bbox 1143 1800 1321 1869; x_wconf 83' lang='lat' dir='ltr'>inquit,</span> <span class='ocrx_word' id='word_1_208' title='bbox 1340 1817 1498 1853; x_wconf 68' lang='lat' dir='ltr'>rerum,</span> 
     </span>
     <span class='ocr_line' id='line_1_27' title="bbox 92 1870 1490 1944; baseline -0.001 -19"><span class='ocrx_word' id='word_1_209' title='bbox 92 1875 290 1926; x_wconf 82' lang='lat' dir='ltr'>utilium.</span> <span class='ocrx_word' id='word_1_210' title='bbox 319 1873 609 1944; x_wconf 82' lang='lat' dir='ltr'>largitioque</span> <span class='ocrx_word' id='word_1_211' title='bbox 652 1871 886 1933; x_wconf 75' lang='lat' dir='ltr'>constanS,</span> <span class='ocrx_word' id='word_1_212' title='bbox 931 1882 1038 1921; x_wconf 88' lang='lat' dir='ltr'>tuta</span> <span class='ocrx_word' id='word_1_213' title='bbox 1074 1875 1128 1923; x_wconf 74' lang='grc' dir='ltr'>δε</span> <span class='ocrx_word' id='word_1_214' title='bbox 1165 1870 1490 1923; x_wconf 77' lang='lat' dir='ltr'>immutabilis·</span> 
     </span>
     <span class='ocr_line' id='line_1_28' title="bbox 94 1938 1498 2012; baseline -0.001 -16"><span class='ocrx_word' id='word_1_215' title='bbox 94 1942 264 2012; x_wconf 84' lang='lat' dir='ltr'>Qare</span> <span class='ocrx_word' id='word_1_216' title='bbox 301 1945 519 1997; x_wconf 82' lang='lat' dir='ltr'>celeriter</span> <span class='ocrx_word' id='word_1_217' title='bbox 541 1943 603 1996; x_wconf 85' lang='lat' dir='ltr'>ad</span> <span class='ocrx_word' id='word_1_218' title='bbox 627 1942 750 1996; x_wconf 87' lang='lat' dir='ltr'>hanc</span> <span class='ocrx_word' id='word_1_219' title='bbox 778 1942 913 2010; x_wconf 87' lang='lat' dir='ltr'>jubet</span> <span class='ocrx_word' id='word_1_220' title='bbox 932 1938 1131 2011; x_wconf 86' lang='lat' dir='ltr'>confugi</span> <span class='ocrx_word' id='word_1_221' title='bbox 1157 1957 1168 1989; x_wconf 89' lang='lat'>:</span> <span class='ocrx_word' id='word_1_222' title='bbox 1204 1958 1409 2009; x_wconf 89' lang='lat' dir='ltr'>cumque</span> <span class='ocrx_word' id='word_1_223' title='bbox 1430 1941 1498 1994; x_wconf 63' lang='lat' dir='ltr'>ad⁴</span> 
     </span>
     <span class='ocr_line' id='line_1_29' title="bbox 90 2009 1495 2082; baseline -0.002 -15"><span class='ocrx_word' id='word_1_224' title='bbox 90 2016 307 2067; x_wconf 86' lang='lat' dir='ltr'>mulieres</span> <span class='ocrx_word' id='word_1_225' title='bbox 324 2015 440 2077; x_wconf 78' lang='lat' dir='ltr'>illas,</span> <span class='ocrx_word' id='word_1_226' title='bbox 461 2031 578 2082; x_wconf 82' lang='lat' dir='ltr'>quas</span> <span class='ocrx_word' id='word_1_227' title='bbox 603 2026 716 2066; x_wconf 86' lang='lat' dir='ltr'>ante</span> <span class='ocrx_word' id='word_1_228' title='bbox 747 2012 849 2064; x_wconf 86' lang='lat' dir='ltr'>dixi</span> <span class='ocrx_word' id='word_1_229' title='bbox 875 2009 1286 2065; x_wconf 83' lang='lat' dir='ltr'>Incontinentiam</span> <span class='ocrx_word' id='word_1_230' title='bbox 1320 2015 1373 2064; x_wconf 73' lang='grc' dir='ltr'>δε</span> <span class='ocrx_word' id='word_1_231' title='bbox 1394 2009 1495 2064; x_wconf 86' lang='lat' dir='ltr'>Lu-</span> 
     </span>
     <span class='ocr_line' id='line_1_30' title="bbox 90 2079 1502 2154; baseline -0.003 -17"><span class='ocrx_word' id='word_1_232' title='bbox 90 2087 269 2138; x_wconf 77' lang='lat' dir='ltr'>xuriam</span> <span class='ocrx_word' id='word_1_233' title='bbox 292 2085 529 2154; x_wconf 84' lang='lat' dir='ltr'>appellari,</span> <span class='ocrx_word' id='word_1_234' title='bbox 561 2083 880 2152; x_wconf 85' lang='lat' dir='ltr'>pervenerint,</span> <span class='ocrx_word' id='word_1_235' title='bbox 901 2082 1044 2133; x_wconf 89' lang='lat' dir='ltr'>etiam</span> <span class='ocrx_word' id='word_1_236' title='bbox 1067 2082 1125 2132; x_wconf 88' lang='lat' dir='ltr'>ab</span> <span class='ocrx_word' id='word_1_237' title='bbox 1142 2081 1198 2132; x_wconf 86' lang='lat' dir='ltr'>iis</span> <span class='ocrx_word' id='word_1_238' title='bbox 1217 2081 1370 2132; x_wconf 85' lang='lat' dir='ltr'>statim</span> <span class='ocrx_word' id='word_1_239' title='bbox 1391 2079 1502 2134; x_wconf 80' lang='lat' dir='ltr'>dis-</span> 
     </span>
     <span class='ocr_line' id='line_1_31' title="bbox 92 2150 1494 2223; baseline -0.003 -15"><span class='ocrx_word' id='word_1_240' title='bbox 92 2156 223 2217; x_wconf 84' lang='lat' dir='ltr'>cedi,</span> <span class='ocrx_word' id='word_1_241' title='bbox 266 2173 324 2209; x_wconf 88' lang='lat' dir='ltr'>ac</span> <span class='ocrx_word' id='word_1_242' title='bbox 349 2174 409 2208; x_wconf 92' lang='lat' dir='ltr'>ne</span> <span class='ocrx_word' id='word_1_243' title='bbox 434 2156 506 2207; x_wconf 87' lang='lat' dir='ltr'>his</span> <span class='ocrx_word' id='word_1_244' title='bbox 532 2156 728 2223; x_wconf 81' lang='lat' dir='ltr'>quidem</span> <span class='ocrx_word' id='word_1_245' title='bbox 773 2152 917 2204; x_wconf 86' lang='lat' dir='ltr'>fidem</span> <span class='ocrx_word' id='word_1_246' title='bbox 939 2151 1101 2203; x_wconf 88' lang='lat' dir='ltr'>haberi</span> <span class='ocrx_word' id='word_1_247' title='bbox 1123 2150 1296 2221; x_wconf 78' lang='lat' dir='ltr'>ullam:</span> <span class='ocrx_word' id='word_1_248' title='bbox 1333 2150 1494 2204; x_wconf 81' lang='lat' dir='ltr'>donec</span> 
     </span>
     <span class='ocr_line' id='line_1_32' title="bbox 87 2219 1487 2293; baseline -0.004 -14"><span class='ocrx_word' id='word_1_249' title='bbox 87 2226 150 2278; x_wconf 87' lang='lat' dir='ltr'>ad</span> <span class='ocrx_word' id='word_1_250' title='bbox 179 2224 298 2279; x_wconf 80' lang='lat' dir='ltr'>F-alfi</span> <span class='ocrx_word' id='word_1_251' title='bbox 324 2227 527 2279; x_wconf 89' lang='lat' dir='ltr'>nominis</span> <span class='ocrx_word' id='word_1_252' title='bbox 547 2224 880 2277; x_wconf 84' lang='lat' dir='ltr'>Eruditionem</span> <span class='ocrx_word' id='word_1_253' title='bbox 897 2221 1113 2293; x_wconf 80' lang='lat' dir='ltr'>progressi</span> <span class='ocrx_word' id='word_1_254' title='bbox 1129 2219 1320 2272; x_wconf 87' lang='lat' dir='ltr'>fuerint.</span> <span class='ocrx_word' id='word_1_255' title='bbox 1346 2221 1487 2289; x_wconf 83' lang='lat' dir='ltr'>Apud</span> 
     </span>
     <span class='ocr_line' id='line_1_33' title="bbox 87 2292 1495 2364; baseline -0.004 -15"><span class='ocrx_word' id='word_1_256' title='bbox 87 2297 215 2350; x_wconf 84' lang='lat' dir='ltr'>hanc</span> <span class='ocrx_word' id='word_1_257' title='bbox 236 2316 350 2351; x_wconf 87' lang='lat' dir='ltr'>vero</span> <span class='ocrx_word' id='word_1_258' title='bbox 372 2298 432 2350; x_wconf 82' lang='lat' dir='ltr'>ad</span> <span class='ocrx_word' id='word_1_259' title='bbox 459 2310 643 2364; x_wconf 86' lang='lat' dir='ltr'>tempus</span> <span class='ocrx_word' id='word_1_260' title='bbox 657 2312 737 2347; x_wconf 86' lang='lat' dir='ltr'>eos</span> <span class='ocrx_word' id='word_1_261' title='bbox 763 2293 1045 2346; x_wconf 86' lang='lat' dir='ltr'>commorari</span> <span class='ocrx_word' id='word_1_262' title='bbox 1065 2293 1197 2360; x_wconf 76' lang='lat' dir='ltr'>jubet</span> <span class='ocrx_word' id='word_1_263' title='bbox 1223 2313 1238 2351; x_wconf 88' lang='lat'>3</span> <span class='ocrx_word' id='word_1_264' title='bbox 1270 2296 1324 2344; x_wconf 86' lang='lat'>&amp;</span> <span class='ocrx_word' id='word_1_265' title='bbox 1352 2292 1495 2359; x_wconf 88' lang='lat' dir='ltr'>quic-</span> 
     </span>
    </p>
   </div>
   <div class='ocr_carea' id='block_1_3' title="bbox 87 2363 1500 2485">
    <p class='ocr_par' dir='ltr' id='par_1_3' title="bbox 87 2363 1500 2485">
     <span class='ocr_line' id='line_1_34' title="bbox 87 2363 1497 2484; baseline -0.006 -62"><span class='ocrx_word' id='word_1_266' title='bbox 87 2368 215 2439; x_wconf 79' lang='lat' dir='ltr'>quid</span> <span class='ocrx_word' id='word_1_267' title='bbox 234 2369 490 2435; x_wconf 79' lang='lat' dir='ltr'>voluerint,</span> <span class='ocrx_word' id='word_1_268' title='bbox 530 2371 589 2422; x_wconf 83' lang='lat' dir='ltr'>ab</span> <span class='ocrx_word' id='word_1_269' title='bbox 606 2385 660 2421; x_wconf 80' lang='lat' dir='ltr'>ea</span> <span class='ocrx_word' id='word_1_270' title='bbox 682 2382 766 2436; x_wconf 83' lang='lat' dir='ltr'>pro</span> <span class='ocrx_word' id='word_1_271' title='bbox 784 2365 967 2420; x_wconf 74' lang='lat' dir='ltr'>viatico</span> <span class='ocrx_word' id='word_1_272' title='bbox 993 2363 1210 2432; x_wconf 79' lang='lat' dir='ltr'>accipere</span> <span class='ocrx_word' id='word_1_273' title='bbox 1232 2379 1244 2413; x_wconf 72' lang='grc' dir='ltr'>ε</span> <span class='ocrx_word' id='word_1_274' title='bbox 1279 2363 1388 2484; x_wconf 72' lang='lat' dir='ltr'>Pqst</span> <span class='ocrx_word' id='word_1_275' title='bbox 1404 2379 1497 2440; x_wconf 66' lang='lat' dir='ltr'>ce-</span> 
     </span>
     <span class='ocr_line' id='line_1_35' title="bbox 1353 2443 1500 2485; baseline 0.014 -2"><span class='ocrx_word' id='word_1_276' title='bbox 1353 2443 1500 2485; x_wconf 62' lang='lat' dir='ltr'>entes</span> 
     </span>
    </p>
   </div>
  </div>
 </body>
</html>
