1600 2693
157 78 248 128 222
470 119 476 121 ,
557 63 820 133 Vtra
875 65 1252 135 AEsopr.

153 170 474 245 lpeftaculum
498 180 798 244 confluxerit,
818 182 932 252 jube
953 182 1566 256 rec«itariformulam⁴sp0n-'

154 249 315 312 fimis,
359 251 410 301 in
437 268 531 319 qua
557 250 655 303 est:
695 251 834 311 Mare
877 265 1142 322 epoturum.
1206 253 1281 308 Ni
1302 255 1348 309 fa
1371 267 1375 271 “
1402 270 1406 274 ’
1430 269 1452 309 t
1470 258 1567 311 do-

147 335 284 370 mum
302 318 426 372 suam
453 334 536 373 aut
689 340 715 390 ‚s
739 337 931 375 centum
953 324 1068 377 dare
1087 322 1356 402 spospond-{ss
1441 326 1566 399 Qo

155 387 305 455 facto,
332 389 473 459 posce
497 392 653 461 phiala
723 394 772 447 in
789 396 1002 448 omniu-m
1028 396 1290 467 conspeetu„
1318 400 1440 468 aqua
1460 417 1566 452 ma·
1598 457 1600 460 Α

154 461 257 512 rina
307 461 553 530 repletam,
590 481 790 535 eamque
824 482 966 517 manu
1003 478 1189 533 tenenS‚
1229 470 1258 523 s
1327 469 1522 540 loquere
1546 494 1564 524 .-

143 528 301 600 ·Q·1d
324 532 600 586 effecturum
634 553 709 587 me
729 532 1035 604 promiserim,
1073 532 1315 609 quamque
1348 557 1565 609 poenam,

153 603 203 654 ni
229 601 455 667 fecissem,
475 605 590 657 mihi
618 605 714 675 ipse
735 607 959 676 dixerim,
980 607 1222 663 audivistis
1247 609 1407 673 Samii,
1439 629 1564 681 ego-

153 690 249 740 que
265 674 332 725 ita
358 693 454 726 rem
475 679 650 746 gestam
676 676 768 730 esse
788 676 959 744 fateor,
989 684 1040 734 δε
1061 680 1157 732 hoc
1181 698 1273 751 ago
1294 694 1347 734 ut
1361 682 1562 737 videtis,

153 742 394 798 Caeterum
434 765 577 800 nemo
596 750 662 800 est
696 750 913 814 vestrum,
956 768 1097 820 quem
1122 750 1294 821 fugiat,
1335 750 1564 808 immensa

151 831 352 868 numero
376 821 427 870 Bc
450 821 782 889 magnitudine
801 822 992 874 flumina
1008 824 1227 874 omnibus
1247 816 1273 875 ὲ
1294 834 1428 875 terrae
1453 842 1561 893 par-

147 888 279 940 tibus
301 888 351 939 in
400 907 526 945 mare
551 892 766 959 influere,
798 894 968 961 quibus
1008 894 1274 963 prohibitis,
1314 896 1394 947 ubi
1430 912 1560 950 mare

151 975 316 1027 purum
342 959 554 1012 relictum
577 963 693 1013 mihi
717 965 880 1025 fuerit,
903 978 1088 1031 paratus
1115 961 1210 1017 sum
1229 963 1402 1028 facere,
1423 967 1559 1036 quod

150 1029 362 1082 futurum
378 1048 452 1082 me
478 1032 596 1083 dixi.
670 1030 804 1085 Nam
829 1034 891 1086 de
911 1036 1179 1088 fluminibus
1199 1037 1452 1089 ebibendis
1472 1038 1559 1109 ,ἱρ-

152 1098 200 1152 sa
221 1097 476 1170 sponsionis
499 1102 720 1167 formula,
745 1117 795 1155 ut
814 1105 1074 1169 audivistiS,
1111 1105 1233 1158 nihil
1254 1106 1372 1159 mihi
1400 1109 1560 1175 impo-

150 1172 296 1224 nitur.
356 1170 484 1241 Qiae
523 1191 630 1225 cum
659 1177 818 1227 omnia
843 1175 1066 1228 Xanthus
1092 1177 1212 1228 sicut
1235 1177 1427 1230 edoctus
1452 1177 1558 1231 fue-

150 1254 223 1295 tat
244 1242 509 1314 peregisset,
543 1246 804 1298 acclamare
849 1247 921 1297 illi
942 1260 1046 1300 tota
1069 1247 1346 1311 multitudo,
1385 1253 1439 1302 δε
1457 1267 1556 1303 non

145 1315 306 1367 oculis
343 1314 489 1367 lolum
513 1333 570 1365 ac
591 1318 738 1385 gestu,
781 1315 861 1369 sed
884 1320 1028 1368 etiam
1066 1319 1295 1370 convitiis
1333 1318 1558 1372 adversa-

149 1385 269 1437 rium
296 1398 473 1455 petere,
500 1388 759 1457 jubereque
795 1402 1009 1440 avertere
1029 1402 1230 1457 epoturo
1257 1407 1381 1441 mare
1396 1392 1576 1443 Humi-²

150 1458 296 1508 mina.
358 1457 430 1508 At
447 1459 484 1508 is
512 1458 688 1510 victum
712 1458 757 1510 se
783 1456 1010 1527 sapientia
1037 1459 1222 1512 Xanthi
1250 1459 1406 1525 fassus,
1422 1479 1576 1514 orare·

148 1540 206 1579 ut
244 1528 427 1579 irritum
458 1525 578 1580 ‘'effet
625 1532 924 1582 contractum
976 1532 1243 1600 negotium,
1288 1549 1482 1600 poenam
1508 1530 1556 1585 se

147 1598 467 1668 permiffurum
493 1600 690 1651 arbitrio
713 1617 1105 1671 quorumcunque
1129 1599 1349 1653 Xanthus
1374 1602 1557 1655 voluis-

150 1669 238 1723 set.
289 1669 488 1740 Ignovit
531 1669 755 1722 Xanthus
804 1667 1080 1741 sapientiam
1122 1672 1203 1723 fibi
1244 1673 1558 1741 concedenti,

146 1758 345 1811 eimque
370 1740 415 1793 se
433 1741 732 1792 humanitate
751 1742 874 1793 velle
890 1743 1186 1794 accumulare
1206 1742 1350 1807 dixit,
1385 1746 1555 1815 itaque

146 1816 388 1866 remittere
432 1812 502 1863 illi
529 1817 581 1865 &
609 1830 801 1880 poenam
827 1817 1050 1881 &poenae
1074 1814 1334 1866 arbitrium.
1408 1816 1554 1868 Hanc

146 1883 370 1935 callidam
393 1884 804 1953 excogitationem
824 1883 1106 1936 Plutarchus
1130 1883 1293 1938 Bianti
1315 1887 1559 1940 attribuit.

148 1954 424 2024 Aliquanto
443 1957 544 2023 post
562 1955 688 2005 misit
710 1950 938 2024 AEsopum
972 1953 1191 2010 Xanthus
1217 1955 1278 2007 ad
1295 1953 1555 2009 observan-

148 2024 210 2076 da
237 2023 441 2094 auspicia
467 2050 482 2078 .·
521 2024 746 2078 Solebant
770 2027 899 2077 enim
930 2037 1113 2078 veteres
1132 2033 1176 2076 8<
1195 2023 1356 2079 Graeci
1379 2031 1434 2080 &
1452 2025 1554 2079 La-

147 2097 241 2147 tini
279 2095 377 2149 fere
397 2113 467 2148 res
507 2093 606 2148 suas
625 2095 871 2166 auspicato
891 2114 1071 2166 gerere,
1093 2096 1190 2149 hoc
1212 2097 1301 2163 est,
1327 2092 1404 2166 spe
1428 2115 1552 2151 con-

147 2179 288 2236 cepta
304 2167 366 2218 de
381 2179 574 2231 eventu,
625 2185 680 2219 ex
702 2167 858 2238 aliqua
879 2167 1132 2220 notatione
1150 2167 1357 2230 vol-itm,
1392 2166 1553 2221 vocis-

147 2254 242 2307 que
255 2240 432 2301 avium,
459 2252 543 2289 aut
561 2238 758 2290 aliarum
774 2257 923 2291 rerum
950 2236 1296 2291 observatione.
1347 2235 1553 2309 Juss'erat
1599 2261 1600 2271 ³

147 2321 308 2361 autem
329 2307 708 2379 circumspicere,
748 2310 961 2362 nuncubi
977 2327 1055 2378 par
1081 2310 1327 2363 cornicum
1349 2313 1553 2363 incuba-

147 2393 237 2444 ret,
260 2381 392 2449 quod
419 2381 453 2434 fi
469 2383 576 2452 quis
593 2381 811 2437 dextrum
831 2380 1087 2452 habuisset,
1128 2382 1550 2504 ρῡῑῑεῃάετῗροῃέ

1362 2469 1393 2505 a
1413 2469 1510 2522 iqui
